<?xml version="1.0" encoding="UTF-8"?><collection xmlns="http://www.loc.gov/MARC21/slim"><record><leader>00551nam--2200193-i-4500</leader><controlfield tag="001">000035378</controlfield><controlfield tag="002">20161230</controlfield><controlfield tag="005">20161230201040</controlfield><controlfield tag="008">060222s1000------------r-----000-0-eng-d</controlfield><datafield ind1=" " ind2=" " tag="040"><subfield code="a">IFIN-HH</subfield></datafield><datafield ind1=" " ind2=" " tag="080"><subfield code="a">530.145:539.171</subfield></datafield><datafield ind1="1" ind2=" " tag="100"><subfield code="a">Wu, Ta-you</subfield></datafield><datafield ind1="1" ind2="0" tag="245"><subfield code="a">Quantum theory of scattering</subfield><subfield code="c">Ta-you wu, rakashi ohmura</subfield></datafield><datafield ind1=" " ind2=" " tag="260"><subfield code="a">London</subfield><subfield code="b">Prentice-hall International</subfield><subfield code="c">1962</subfield></datafield><datafield ind1=" " ind2=" " tag="300"><subfield code="a">XXI + 495P</subfield></datafield><datafield ind1=" " ind2=" " tag="490"><subfield code="a">Prentice-hall International Series In Physics</subfield></datafield><datafield ind1="1" ind2=" " tag="700"><subfield code="a">Ohmura, Rakashi</subfield></datafield><datafield ind1=" " ind2=" " tag="852"><subfield code="a">18311</subfield><subfield code="c">539.17</subfield></datafield><datafield ind1=" " ind2=" " tag="CAT"><subfield code="a">Sys</subfield><subfield code="c">20120529</subfield><subfield code="h">143411</subfield></datafield></record></collection>